<?xml version="1.0" encoding="UTF-8"?><collection xmlns="http://www.loc.gov/MARC21/slim"><record><leader>00479nam--2200193-u-4500</leader><controlfield tag="001">000056298</controlfield><controlfield tag="002">20161230</controlfield><controlfield tag="005">20161230201052</controlfield><controlfield tag="008">150326s1000------------r-----000-0-fre-d</controlfield><datafield ind1=" " ind2=" " tag="040"><subfield code="a">IFIN-HH</subfield></datafield><datafield ind1=" " ind2=" " tag="041"><subfield code="a">fre</subfield></datafield><datafield ind1=" " ind2=" " tag="080"><subfield code="a">53(075.3)</subfield></datafield><datafield ind1="1" ind2=" " tag="100"><subfield code="a">Ganot, A</subfield></datafield><datafield ind1="1" ind2="0" tag="245"><subfield code="a">Traite elementaire de physique</subfield><subfield code="c">A. ganot</subfield></datafield><datafield ind1=" " ind2=" " tag="250"><subfield code="a">Dix-neuvieme Edition</subfield></datafield><datafield ind1=" " ind2=" " tag="260"><subfield code="a">Paris</subfield><subfield code="b">Librairie Hachette Et Cie</subfield><subfield code="c">1884</subfield></datafield><datafield ind1=" " ind2=" " tag="300"><subfield code="a">1160P</subfield></datafield><datafield ind1=" " ind2=" " tag="852"><subfield code="a">47586</subfield><subfield code="c">53</subfield></datafield><datafield ind1=" " ind2=" " tag="CAT"><subfield code="a">Sys</subfield><subfield code="c">20150326</subfield><subfield code="h">084838</subfield></datafield></record></collection>